%YAML 1.1
%TAG !u! tag:unity3d.com,2011:
--- !u!1001 &100100000
Prefab:
  m_ObjectHideFlags: 1
  serializedVersion: 2
  m_Modification:
    m_TransformParent: {fileID: 0}
    m_Modifications: []
    m_RemovedComponents: []
  m_ParentPrefab: {fileID: 0}
  m_RootGameObject: {fileID: 1184668714889598}
  m_IsPrefabParent: 1
--- !u!1 &1184668714889598
GameObject:
  m_ObjectHideFlags: 0
  m_PrefabParentObject: {fileID: 0}
  m_PrefabInternal: {fileID: 100100000}
  serializedVersion: 5
  m_Component:
  - component: {fileID: 4052054051363628}
  - component: {fileID: 114682819512141606}
  m_Layer: 0
  m_Name: DL11_Lights
  m_TagString: Untagged
  m_Icon: {fileID: 0}
  m_NavMeshLayer: 0
  m_StaticEditorFlags: 69
  m_IsActive: 1
--- !u!1 &1325539205931212
GameObject:
  m_ObjectHideFlags: 0
  m_PrefabParentObject: {fileID: 0}
  m_PrefabInternal: {fileID: 100100000}
  serializedVersion: 5
  m_Component:
  - component: {fileID: 4701594502482348}
  - component: {fileID: 33217312958835888}
  - component: {fileID: 23474823116611574}
  m_Layer: 0
  m_Name: Light004
  m_TagString: Untagged
  m_Icon: {fileID: 0}
  m_NavMeshLayer: 0
  m_StaticEditorFlags: 69
  m_IsActive: 1
--- !u!1 &1618359539084198
GameObject:
  m_ObjectHideFlags: 0
  m_PrefabParentObject: {fileID: 0}
  m_PrefabInternal: {fileID: 100100000}
  serializedVersion: 5
  m_Component:
  - component: {fileID: 4345734871895754}
  - component: {fileID: 33060277740684824}
  - component: {fileID: 23052270417860328}
  m_Layer: 0
  m_Name: Light_Bulb
  m_TagString: Untagged
  m_Icon: {fileID: 0}
  m_NavMeshLayer: 0
  m_StaticEditorFlags: 69
  m_IsActive: 1
--- !u!4 &4052054051363628
Transform:
  m_ObjectHideFlags: 1
  m_PrefabParentObject: {fileID: 0}
  m_PrefabInternal: {fileID: 100100000}
  m_GameObject: {fileID: 1184668714889598}
  m_LocalRotation: {x: 0, y: -0, z: -0, w: 1}
  m_LocalPosition: {x: -0, y: 0, z: 0}
  m_LocalScale: {x: 1, y: 1, z: 1}
  m_Children:
  - {fileID: 4701594502482348}
  - {fileID: 4345734871895754}
  m_Father: {fileID: 0}
  m_RootOrder: 0
  m_LocalEulerAnglesHint: {x: 0, y: 0, z: 0}
--- !u!4 &4345734871895754
Transform:
  m_ObjectHideFlags: 1
  m_PrefabParentObject: {fileID: 0}
  m_PrefabInternal: {fileID: 100100000}
  m_GameObject: {fileID: 1618359539084198}
  m_LocalRotation: {x: -0.7071068, y: 0, z: -0, w: 0.7071068}
  m_LocalPosition: {x: -0, y: 0, z: 0}
  m_LocalScale: {x: 100, y: 100, z: 100}
  m_Children: []
  m_Father: {fileID: 4052054051363628}
  m_RootOrder: 1
  m_LocalEulerAnglesHint: {x: 0, y: 0, z: 0}
--- !u!4 &4701594502482348
Transform:
  m_ObjectHideFlags: 1
  m_PrefabParentObject: {fileID: 0}
  m_PrefabInternal: {fileID: 100100000}
  m_GameObject: {fileID: 1325539205931212}
  m_LocalRotation: {x: -0.7071068, y: 0.000000061817246, z: -0.000000061817246, w: 0.7071068}
  m_LocalPosition: {x: -0, y: 0, z: 0}
  m_LocalScale: {x: 100, y: 100, z: 100}
  m_Children: []
  m_Father: {fileID: 4052054051363628}
  m_RootOrder: 0
  m_LocalEulerAnglesHint: {x: 0, y: 0, z: 0}
--- !u!23 &23052270417860328
MeshRenderer:
  m_ObjectHideFlags: 1
  m_PrefabParentObject: {fileID: 0}
  m_PrefabInternal: {fileID: 100100000}
  m_GameObject: {fileID: 1618359539084198}
  m_Enabled: 1
  m_CastShadows: 1
  m_ReceiveShadows: 1
  m_DynamicOccludee: 1
  m_MotionVectors: 1
  m_LightProbeUsage: 1
  m_ReflectionProbeUsage: 1
  m_Materials:
  - {fileID: 1602521225, guid: acc0c48dee254574da0235e660f9cc66, type: 3}
  m_StaticBatchInfo:
    firstSubMesh: 0
    subMeshCount: 0
  m_StaticBatchRoot: {fileID: 0}
  m_ProbeAnchor: {fileID: 0}
  m_LightProbeVolumeOverride: {fileID: 0}
  m_ScaleInLightmap: 1
  m_PreserveUVs: 0
  m_IgnoreNormalsForChartDetection: 0
  m_ImportantGI: 0
  m_StitchLightmapSeams: 0
  m_SelectedEditorRenderState: 3
  m_MinimumChartSize: 4
  m_AutoUVMaxDistance: 0.5
  m_AutoUVMaxAngle: 89
  m_LightmapParameters: {fileID: 0}
  m_SortingLayerID: 0
  m_SortingLayer: 0
  m_SortingOrder: 0
--- !u!23 &23474823116611574
MeshRenderer:
  m_ObjectHideFlags: 1
  m_PrefabParentObject: {fileID: 0}
  m_PrefabInternal: {fileID: 100100000}
  m_GameObject: {fileID: 1325539205931212}
  m_Enabled: 1
  m_CastShadows: 1
  m_ReceiveShadows: 1
  m_DynamicOccludee: 1
  m_MotionVectors: 1
  m_LightProbeUsage: 1
  m_ReflectionProbeUsage: 1
  m_Materials:
  - {fileID: -164620591, guid: 383c7d7a93deff14b815e47add2b109b, type: 3}
  m_StaticBatchInfo:
    firstSubMesh: 0
    subMeshCount: 0
  m_StaticBatchRoot: {fileID: 0}
  m_ProbeAnchor: {fileID: 0}
  m_LightProbeVolumeOverride: {fileID: 0}
  m_ScaleInLightmap: 1
  m_PreserveUVs: 0
  m_IgnoreNormalsForChartDetection: 0
  m_ImportantGI: 0
  m_StitchLightmapSeams: 0
  m_SelectedEditorRenderState: 3
  m_MinimumChartSize: 4
  m_AutoUVMaxDistance: 0.5
  m_AutoUVMaxAngle: 89
  m_LightmapParameters: {fileID: 0}
  m_SortingLayerID: 0
  m_SortingLayer: 0
  m_SortingOrder: 0
--- !u!33 &33060277740684824
MeshFilter:
  m_ObjectHideFlags: 1
  m_PrefabParentObject: {fileID: 0}
  m_PrefabInternal: {fileID: 100100000}
  m_GameObject: {fileID: 1618359539084198}
  m_Mesh: {fileID: 4300002, guid: bc1a914b671f45347ad13ad053f4688c, type: 3}
--- !u!33 &33217312958835888
MeshFilter:
  m_ObjectHideFlags: 1
  m_PrefabParentObject: {fileID: 0}
  m_PrefabInternal: {fileID: 100100000}
  m_GameObject: {fileID: 1325539205931212}
  m_Mesh: {fileID: 4300000, guid: bc1a914b671f45347ad13ad053f4688c, type: 3}
--- !u!114 &114682819512141606
MonoBehaviour:
  m_ObjectHideFlags: 1
  m_PrefabParentObject: {fileID: 0}
  m_PrefabInternal: {fileID: 100100000}
  m_GameObject: {fileID: 1184668714889598}
  m_Enabled: 1
  m_EditorHideFlags: 0
  m_Script: {fileID: 69888640, guid: 628ffbda3fdf4df4588770785d91a698, type: 3}
  m_Name: 
  m_EditorClassIdentifier: 
  m_fbxHistory: '{"-Light_Bulb":{"UnityEngine.MeshFilter": "{\"MeshFilter\":{\"m_Mesh\":{\"fileID\":4300002,\"guid\":\"bc1a914b671f45347ad13ad053f4688c\",\"type\":3}}}","UnityEngine.MeshRenderer":
    "{\"MeshRenderer\":{\"m_Enabled\":true,\"m_CastShadows\":1,\"m_ReceiveShadows\":true,\"m_DynamicOccludee\":true,\"m_MotionVectors\":1,\"m_LightProbeUsage\":1,\"m_ReflectionProbeUsage\":1,\"m_Materials\":[{\"fileID\":2100000,\"guid\":\"03173564345a1344f9460e94acf0d233\",\"type\":2}],\"m_StaticBatchInfo\":{\"firstSubMesh\":0,\"subMeshCount\":0},\"m_StaticBatchRoot\":{\"instanceID\":0},\"m_ProbeAnchor\":{\"instanceID\":0},\"m_LightProbeVolumeOverride\":{\"instanceID\":0},\"m_ScaleInLightmap\":1.0,\"m_PreserveUVs\":false,\"m_IgnoreNormalsForChartDetection\":false,\"m_ImportantGI\":false,\"m_StitchLightmapSeams\":false,\"m_SelectedEditorRenderState\":3,\"m_MinimumChartSize\":4,\"m_AutoUVMaxDistance\":0.5,\"m_AutoUVMaxAngle\":89.0,\"m_LightmapParameters\":{\"instanceID\":0},\"m_SortingLayerID\":0,\"m_SortingLayer\":0,\"m_SortingOrder\":0}}","UnityEngine.Transform":
    "{\"Transform\":{\"m_LocalRotation\":{\"x\":-0.7071068286895752,\"y\":0.0,\"z\":0.0,\"w\":0.7071068286895752},\"m_LocalPosition\":{\"x\":0.0,\"y\":0.0,\"z\":0.0},\"m_LocalScale\":{\"x\":100.0,\"y\":100.0,\"z\":100.0},\"m_RootOrder\":1,\"m_LocalEulerAnglesHint\":{\"x\":0.0,\"y\":0.0,\"z\":0.0}}}"},"-Light004":{"UnityEngine.MeshFilter":
    "{\"MeshFilter\":{\"m_Mesh\":{\"fileID\":4300000,\"guid\":\"bc1a914b671f45347ad13ad053f4688c\",\"type\":3}}}","UnityEngine.MeshRenderer":
    "{\"MeshRenderer\":{\"m_Enabled\":true,\"m_CastShadows\":1,\"m_ReceiveShadows\":true,\"m_DynamicOccludee\":true,\"m_MotionVectors\":1,\"m_LightProbeUsage\":1,\"m_ReflectionProbeUsage\":1,\"m_Materials\":[{\"fileID\":2100000,\"guid\":\"03173564345a1344f9460e94acf0d233\",\"type\":2}],\"m_StaticBatchInfo\":{\"firstSubMesh\":0,\"subMeshCount\":0},\"m_StaticBatchRoot\":{\"instanceID\":0},\"m_ProbeAnchor\":{\"instanceID\":0},\"m_LightProbeVolumeOverride\":{\"instanceID\":0},\"m_ScaleInLightmap\":1.0,\"m_PreserveUVs\":false,\"m_IgnoreNormalsForChartDetection\":false,\"m_ImportantGI\":false,\"m_StitchLightmapSeams\":false,\"m_SelectedEditorRenderState\":3,\"m_MinimumChartSize\":4,\"m_AutoUVMaxDistance\":0.5,\"m_AutoUVMaxAngle\":89.0,\"m_LightmapParameters\":{\"instanceID\":0},\"m_SortingLayerID\":0,\"m_SortingLayer\":0,\"m_SortingOrder\":0}}","UnityEngine.Transform":
    "{\"Transform\":{\"m_LocalRotation\":{\"x\":-0.7071068286895752,\"y\":6.181724643283815e-8,\"z\":-6.181724643283815e-8,\"w\":0.7071068286895752},\"m_LocalPosition\":{\"x\":0.0,\"y\":0.0,\"z\":0.0},\"m_LocalScale\":{\"x\":100.0,\"y\":100.0,\"z\":100.0},\"m_RootOrder\":0,\"m_LocalEulerAnglesHint\":{\"x\":0.0,\"y\":0.0,\"z\":0.0}}}"}}'
  m_fbxModel: {fileID: 100000, guid: bc1a914b671f45347ad13ad053f4688c, type: 3}
  m_autoUpdate: 1
